<?xml version="1.0" encoding="UTF-8"?><collection xmlns="http://www.loc.gov/MARC21/slim"><record><leader>00354nam--2200133-i-4500</leader><controlfield tag="001">000006414</controlfield><controlfield tag="002">20161230</controlfield><controlfield tag="005">20161230201026</controlfield><controlfield tag="008">060222s1000------------r-----000-0-eng-d</controlfield><datafield ind1=" " ind2=" " tag="080"><subfield code="a">629.19 (038). 801.323.L</subfield></datafield><datafield ind1=" " ind2=" " tag="245"><subfield code="a">Aviation &amp; space dictionary</subfield></datafield><datafield ind1=" " ind2=" " tag="260"><subfield code="a">Los Angeles, Aero Publ. Inc., 1961 444 P</subfield></datafield><datafield ind1=" " ind2=" " tag="700"><subfield code="a">E.J.Gentle And Ch.E.Chapel</subfield></datafield><datafield ind1=" " ind2=" " tag="852"><subfield code="a">D272</subfield></datafield></record></collection>